@article{fredenhagen2004algebraic,
  title={{Algebraic quantum field theory}},
  author={Fredenhagen, Klaus and Rehren, Karl-Henning},
  journal={Lecture Notes. Institut f{\"u}r Theoretische Physik Universit{\"a}t Hamburg. http://unith. desy. de/sites/site\_unith/content/e20/e72/e180/e193/infoboxContent204/AQFT. pdf},
  year={2004}
}